@Misc{wireshark:ethernet,
	author = "Wireshark wiki",
	title = "Ethernet",
	howpublished = "online",
	revised = "Poslední změna 25. dubna 2011",
	cited = "!2016-11-20",
	url = "\href{https://cs.wikipedia.org/wiki/Typografie}{https://cs.wikipedia.org/wiki/Typografie}",
}
@Misc{wiki:iso/osi,
	author = "wikipedia",
	title = "OSI model",
	howpublished = "online",
	revised = "Poslední změna 19. listopadu 2016",
	cited = "!2016-11-20",
	url = "\href{https://en.wikipedia.org/wiki/OSI\_model}{https://en.wikipedia.org/wiki/OSI\_model}",
}
@Misc{wiki:cdp,
	author = "wikipedia",
	title = "Cisco Discovery Protocol",
	howpublished = "online",
	revised = "Poslední změna 7. července 2016",
	cited = "!2016-11-20",
	url = "\href{https://en.wikipedia.org/wiki/Cisco\_Discovery\_Protocol}{https://en.wikipedia.org/wiki/Cisco\_Discovery\_Protocol}",
}
@Misc{technion:cdp,
	author = "technion",
	title = "\href{http://www.cs.technion.ac.il/Courses/Computer-Networks-Lab/projects/spring2003/cdp2/web\_cdp2/web\_cdp2/cdp2\_report.htm}{CDP Implementation}",
	howpublished = "online",
	revised = "Poslední změna na jaře 2003",
	cited = "!2016-11-20",
	url = "\href{http://www.cs.technion.ac.il/Courses/Computer-Networks-Lab/projects/spring2003/cdp2/web\_cdp2/web\_cdp2/cdp2\_report.htm}{zde}",
}
@Book{802.1AB,
	title = "IEEE Standard for Local and metropolitan area networks -- Station and Media Access Control Connectifity Discovery",
	publisher = "IEEE Computer Society",
	year = "2009",
	address = "3 Park Avenue, New York, USA",
}
@Misc{wiki:lldp,
	author = "wikipedia",
	title = "Link-Layer Discovery Protocol",
	howpublished = "online",
	revised = "Poslední změna 5. srpna 2016",
	cited = "!2016-11-20",
	url = "\href{https://en.wikipedia.org/wiki/Link\_Layer\_Discovery_Protocol}{https://en.wikipedia.org/wiki/Link\_Layer\_Discovery\_Protocol}",
}
@Misc{wis:zadani,
	author = "Ph.D. Veselý, Vladimír",
	title = "Jednoduchý monitorovací nástroj protokolů CDP a LLDP (dr. Veselý)",
	howpublished = "online",
	revised = "Poslední změna neznámá",
	cited = "!2016-11-20",
	url = "\href{https://wis.fit.vutbr.cz/FIT/st/course-sl.php?id=609310&item=59634&cpa=1}{zde}",
}
